@preamble("
  \providecommand{\url}[1]{#1}
  ")



@InCollection{maler00,
  author = 	 {E. Asarin and O. Bournez and T. Dang and O. Maler },
  title = 	 {Approximate reachability analysis of piecewise 
linear dynamical systems},
  booktitle = 	 {{Hybrid Systems: Computation and Control}},
  OPTcrossref =  {},
  OPTkey = 	 {},
  pages = 	 {21-31},
  publisher = {Springer},
  year = 	 {2000},
  editor = 	 {N. Lynch and B. H. Krogh},
  volume = 	 {1790},
  OPTnumber = 	 {},
  series = 	 {Lecture Notes in Computer Science},
  OPTtype = 	 {},
  OPTchapter = 	 {},
  OPTaddress = 	 {},
  OPTedition = 	 {},
  OPTmonth = 	 {},
  OPTnote = 	 {},
  OPTannote = 	 {}
}



@InCollection{krogh03,
  author = 	 { O. Stursberg and B. H. Krogh},
  title = 	 {Efficient representation
and computation of reachable sets for hybrid systems},
  booktitle = 	 {{Hybrid Systems: Computation and Control}},
  OPTcrossref =  {},
  OPTkey = 	 {},
  pages = 	 {482-497},
  publisher = {Springer},
  year = 	 {2003},
  editor = 	 {O. Maler and A. Pnueli},
  volume = 	 {2623},
  OPTnumber = 	 {},
  series = 	 {Lecture Notes in Computer Science},
  OPTtype = 	 {},
  OPTchapter = 	 {},
  OPTaddress = 	 {},
  OPTedition = 	 {},
  OPTmonth = 	 {},
  OPTnote = 	 {},
  OPTannote = 	 {}
}

@InCollection{mitchell,
  author = 	 { I. Mitchell and C. Tomlin  },
  title = 	 {Level set methods for computation in hybrid systems},
  booktitle = 	 {{Hybrid Systems: Computation and Control}},
  OPTcrossref =  {},
  OPTkey = 	 {},
  pages = 	 {21-31},
  publisher = {Springer},
  year = 	 {2000},
  editor = 	 {N. Lynch and B. H. Krogh},
  volume = 	 {1790},
  OPTnumber = 	 {},
  series = 	 {Lecture Notes in Computer Science},
  OPTtype = 	 {},
  OPTchapter = 	 {},
  OPTaddress = 	 {},
  OPTedition = 	 {},
  OPTmonth = 	 {},
  OPTnote = 	 {},
  OPTannote = 	 {}
}



@InCollection{morari1,
  author = 	 {A. Bemporad and M. Morari },
  title = 	 {Verification of hybrid systems via mathematical programming},
  booktitle = 	 {{Hybrid Systems: Computation and Control}},
  OPTcrossref =  {},
  OPTkey = 	 {},
  pages = 	 {31-45},
  publisher = {Springer},
  year = 	 {1999},
  editor = 	 { F. W. Vaandrager and J. H. {van Schuppen}},
  volume = 	 {1790},
  OPTnumber = 	 {},
  series = 	 {Lecture Notes in Computer Science},
  OPTtype = 	 {},
  OPTchapter = 	 {},
  OPTaddress = 	 {},
  OPTedition = 	 {},
  OPTmonth = 	 {},
  OPTnote = 	 {},
  OPTannote = 	 {}
}

@InCollection{morari04,
  author = 	 {M. Kvasnica and P. Grieder and M. Baoti\'{c} and M. Morari},
  title = 	 {{M}ulti-{P}arametric {T}oolbox ({MPT})},
  booktitle = 	 {{Hybrid Systems: Computation and Control}},
  OPTcrossref =  {},
  OPTkey = 	 {},
  pages = 	 {448-462},
  publisher = {Springer},
  year = 	 {2004},
  editor = 	 {R. Alur and G. J. Pappas},
  volume = 	 {2993},
  OPTnumber = 	 {},
  series = 	 {Lecture Notes in Computer Science},
  OPTtype = 	 {},
  OPTchapter = 	 {},
  OPTaddress = 	 {},
  OPTedition = 	 {},
  OPTmonth = 	 {},
  OPTnote = 	 {},
  OPTannote = 	 {}
}

@InCollection{fehnker,
  author = 	 {A. Fehnker },
  title = 	 {Automotive control revisited---linear
inequalities as approximation of reachable sets},
  booktitle = 	 {{Hybrid Systems: Computation and Control}},
  OPTcrossref =  {},
  OPTkey = 	 {},
  pages = 	 {110-125},
  publisher = {Springer},
  year = 	 {1998},
  editor = 	 {T. A. Henzinger and S. Sastry },
  volume = 	 {1386},
  OPTnumber = 	 {},
  series = 	 {Lecture Notes in Computer Science},
  OPTtype = 	 {},
  OPTchapter = 	 {},
  OPTaddress = 	 {},
  OPTedition = 	 {},
  OPTmonth = 	 {},
  OPTnote = 	 {},
  OPTannote = 	 {}
}


@InCollection{girard05,
  title = 	 {Reachability of uncertain linear systems using zonotopes},
  author = 	 {A. Girard},
  booktitle = 	 {{Hybrid Systems: Computation and Control}},
  OPTcrossref =  {},
  OPTkey = 	 {},
  pages = 	 {291-305},
  publisher = {Springer},
  year = 	 {2005},
  editor = 	 { M. Morari and L. Thiele and F. Rossi},
  volume = 	 {3414},
  OPTnumber = 	 {},
  series = 	 {Lecture Notes in Computer Science},
  OPTtype = 	 {},
  OPTchapter = 	 {},
  OPTaddress = 	 {},
  OPTedition = 	 {},
  OPTmonth = 	 {},
  OPTnote = 	 {},
  OPTannote = 	 {}
}

@InCollection{girard06,
  title = 	 {Efficient computation of reachable sets of linear time-invariant systems with inputs},
  author = 	 {A. Girard and C. {Le Guernic} and O. Maler},
  booktitle = 	 {{Hybrid Systems: Computation and Control}},
  OPTcrossref =  {},
  OPTkey = 	 {},
  pages = 	 {257-271},
  publisher = {Springer},
  year = 	 {2006},
  editor = 	 { J. Hespanha and A. Tiwari},
  volume = 	 {3927},
  OPTnumber = 	 {},
  series = 	 {Lecture Notes in Computer Science},
  OPTtype = 	 {},
  OPTchapter = 	 {},
  OPTaddress = 	 {},
  OPTedition = 	 {},
  OPTmonth = 	 {},
  OPTnote = 	 {},
  OPTannote = 	 {}
}

@InCollection{purvar94,
  title = 	 {Decidability of Hybrid Systems with Rectangular Differential Inclusion},
  author = 	 {A. Puri and P. Varaiya},
  booktitle = 	 {Proceedings of the 6th International Conference on Computer Aided Verification},
  OPTcrossref =  {},
  OPTkey = 	 {},
  pages = 	 {95-104},
  publisher = {Springer},
  year = 	 {1994},
  OPTeditor = 	 {},
  volume = 	 {818},
  OPTnumber = 	 {},
  series = 	 {Lecture Notes in Computer Science},
  OPTtype = 	 {},
  OPTchapter = 	 {},
  OPTaddress = 	 {},
  OPTedition = 	 {},
  OPTmonth = 	 {},
  OPTnote = 	 {},
  OPTannote = 	 {}
}

@InCollection{leitmann82,
  title = 	 {Optimality and reachability with feedback controls},
  author = 	 {G. Leitmann},
  booktitle = 	 {{Dynamical Systems and Microphysics}},
  OPTcrossref =  {},
  OPTkey = 	 {},
  pages = 	 {119-141},
  publisher = 	{Academic Press},
  year = 	 {1982},
  editor = 	 {A. Blaquiere and G. Leitmann},
  volume = 	 {1790},
  OPTnumber = 	 {},
  series = 	 {},
  OPTtype = 	 {},
  OPTchapter = 	 {},
  OPTaddress = 	 {},
  OPTedition = 	 {},
  OPTmonth = 	 {},
  OPTnote = 	 {},
  OPTannote = 	 {}
}

@InCollection{kurzhanski98,
  title = 	 {{Set-valued Calculus and Dynamic Programming in Problems of Feedback Control}},
  author = 	 {A. B. Kurzhanski},
  booktitle = 	 {},
  OPTcrossref =  {},
  OPTkey = 	 {},
  pages = 	 {163-174},
  publisher = 	{Birkh\"{a}user Verlag},
  year = 	 {1998},
  editor = 	 {},
  volume = 	 {124},
  OPTnumber = 	 {},
  series = 	 {{Series of Numerical Mathematics}},
  OPTtype = 	 {},
  OPTchapter = 	 {},
  OPTaddress = 	 {},
  OPTedition = 	 {},
  OPTmonth = 	 {},
  OPTnote = 	 {},
  OPTannote = 	 {}
}

@Article{avis,
  author = 	 {D. Avis and  D. Bremner and R. Seidel },
  title = 	 { How good are convex hull algorithms?},
  journal = 	 {Computational Geometry: Theory and Applications},
  year = 	 {1997},
  OPTkey = 	 {},
  volume = 	 {7},
  OPTnumber = 	 {},
  pages = 	 {265-301},
  OPTmonth = 	 {},
  OPTnote = 	 {},
  OPTannote = 	 {}
}

@Book{gant,
  author = 	 {F. R. Gantmacher },
  ALTeditor = 	 {},
  title = 	 {Matrix Theory, I-II},
  publisher = 	 {Chelsea},
  year = 	 {1960},
  OPTkey = 	 {},
  OPTvolume = 	 {},
  OPTnumber = 	 {},
  OPTseries = 	 {},
  OPTaddress = 	 {},
  OPTedition = 	 {},
  OPTmonth = 	 {},
  OPTnote = 	 {},
  OPTannote = 	 {}
}

@Book{boyd04,
  author = 	 { S. Boyd and L. Vandenberghe},
  ALTeditor = 	 {},
  title = 	 {{Convex Optimization}},
  publisher = 	 {Cambridge University Press},
  year = 	 {2004},
  OPTkey = 	 {},
  OPTvolume = 	 {},
  OPTnumber = 	 {},
  OPTseries = 	 {},
  OPTaddress = 	 {},
  OPTedition = 	 {},
  OPTmonth = 	 {},
  OPTnote = 	 {},
  OPTannote = 	 {}
}

@Book{boyd,
  author = 	 { S. Boyd and L. {El Ghaoui} and E. Feron and V. Balakrishnan},
  ALTeditor = 	 {},
  title = 	 {Linear Matrix Inequalities in System and Control Theory},
  publisher = 	 {SIAM},
  year = 	 {1994},
  OPTkey = 	 {},
  OPTvolume = 	 {},
  OPTnumber = 	 {},
  OPTseries = 	 {},
  OPTaddress = 	 {},
  OPTedition = 	 {},
  OPTmonth = 	 {},
  OPTnote = 	 {},
  OPTannote = 	 {}
}

@Book{callier,
  author = 	 { F. M. Callier and C. A. Desoer},
  ALTeditor = 	 {},
  title = 	 {Linear System Theory},
  publisher = 	 {Springer},
  year = 	 {1991},
  OPTkey = 	 {},
  OPTvolume = 	 {},
  OPTnumber = 	 {},
  OPTseries = 	 {},
  OPTaddress = 	 {},
  OPTedition = 	 {},
  OPTmonth = 	 {},
  OPTnote = 	 {},
  OPTannote = 	 {}
}

@Book{krasovski,
  author = 	 { N. N. Krasovski and A. I. Subbotin},
  ALTeditor = 	 {},
  title = 	 {{Positional Differential Games}},
  publisher = 	 {Springer Verlag},
  year = 	 {1988},
  OPTkey = 	 {},
  OPTvolume = 	 {},
  OPTnumber = 	 {},
  OPTseries = 	 {},
  address = 	 {New York},
  OPTedition = 	 {},
  OPTmonth = 	 {},
  OPTnote = 	 {},
  OPTannote = 	 {}
}

@Book{leemarkus,
  author = 	 { E. B. Lee and L. Markus},
  ALTeditor = 	 {},
  title = 	 {{Foundations of Optimal Control Theory}},
  publisher = 	 {Wiley},
  year = 	 {1961},
  OPTkey = 	 {},
  OPTvolume = 	 {},
  OPTnumber = 	 {},
  OPTseries = 	 {},
  address = 	 {New York},
  OPTedition = 	 {},
  OPTmonth = 	 {},
  OPTnote = 	 {},
  OPTannote = 	 {}
}



@InProceedings{pappas05,
  author = 	 {N. Giorgetti and G. J. Pappas},
  title = 	 {Bounded model checking for hybrid  dynamical systems},
  booktitle = 	 {IEEE Conference on Decision and Control},
  OPTcrossref =  {},
  OPTkey = 	 {},
  OPTpages = 	 {},
  year = 	 {2005},
  OPTeditor = 	 {},
  OPTvolume = 	 {},
  OPTnumber = 	 {},
  OPTseries = 	 {},
  address = 	 {Seville, Spain},
  OPTmonth = 	 {},
  OPTorganization = {},
  OPTpublisher = {},
  OPTnote = 	 {},
  OPTannote = 	 {}
}

@InProceedings{munoz03,
  author = 	 {L. M{u\~{n}oz} and X. Sun and R. Horowitz and L. Alvarez},
  title = 	 {Traffic density estimation with the cell transmission model},
  booktitle = 	 {American Control Conference},
  OPTcrossref =  {},
  OPTkey = 	 {},
  pages = 	 {3750-3755},
  year = 	 {2003},
  OPTeditor = 	 {},
  OPTvolume = 	 {},
  OPTnumber = 	 {},
  OPTseries = 	 {},
  OPTaddress = 	 {},
  OPTmonth = 	 {},
  OPTorganization = {},
  OPTpublisher = {},
  OPTnote = 	 {},
  OPTannote = 	 {}
}

@InProceedings{daryin06,
  author = 	 {A. N. Daryin and A. B. Kurzhanskiy and I. V. Vostrikov},
  title = 	 {Reachability Approaches and Ellipsoidal Techniques for Closed-Loop Control of Oscillating Systems under Uncertainty},
  booktitle = 	 {IEEE Conference on Decision and Control},
  OPTcrossref =  {},
  OPTkey = 	 {},
  OPTpages = 	 {},
  year = 	 {2006},
  OPTeditor = 	 {},
  OPTvolume = 	 {},
  OPTnumber = 	 {},
  OPTseries = 	 {},
  address = 	 {Seville, Spain},
  OPTmonth = 	 {},
  OPTorganization = {},
  OPTpublisher = {},
  OPTnote = 	 {},
  OPTannote = 	 {}
}


@Book{golub,
  author = 	 {G. H. Golub and {C. F. Van Loan} },
  ALTeditor = 	 {},
  title = 	 {Matrix Computations},
  publisher = 	 {Johns Hopkins University Press},
  year = 	 {1996},
  OPTkey = 	 {},
  OPTvolume = 	 {},
  OPTnumber = 	 {},
  OPTseries = 	 {},
  OPTaddress = 	 {},
  edition = 	 {Third},
  OPTmonth = 	 {},
  OPTnote = 	 {},
  OPTannote = 	 {}
}

@Article{sedumi,
  author = 	 {J. F. Sturm},
  title = 	 {{Using SeDuMi 1.02, A MATLAB Toolbox for Optimization over Symmetric Cones}},
  journal = 	 {Optimization Methods and Software},
  year = 	 {1999},
  OPTkey = 	 {},
  volume = 	 {11-12},
  OPTnumber = 	 {},
  pages = 	 {625-653},
  OPTmonth = 	 {},
  OPTnote = 	 {},
  OPTannote = 	 {}
}

@Article{kostousova01,
  author = 	 {E. K. Kostousova },
  title = 	 {Control synthesis via parallelotopes: optimization and 
parallel computations},
  journal = 	 {Optimization Methods and Software},
  year = 	 {2001},
  OPTkey = 	 {},
  volume = 	 {14},
  number = 	 {4},
  pages = 	 {267-310},
  OPTmonth = 	 {},
  OPTnote = 	 {},
  OPTannote = 	 {}
}

@Article{vazhen,
  author = 	 {A. Yu. Vazhentsev},
  title = 	 {{On Internal Ellipsoidal Approximations for Problems of Control and Synthesis with Bounded Coordinates}},
  journal = 	 {Izvestiya Rossiiskoi Akademii Nauk. Teoriya i Systemi Upravleniya.},
  OPTyear = 	 {},
  OPTkey = 	 {},
  OPTvolume = 	 {},
  OPTnumber = 	 {},
  OPTpages = 	 {},
  OPTmonth = 	 {},
  OPTnote = 	 {},
  OPTannote = 	 {}
}

@Article{fusion,
  author = 	 {L. Ros, and A. Sabater and F. Thomas},
  title = 	 {{An Ellipsoidal Calculus Based on Propagation and Fusion}},
  journal = 	 {IEEE Transactions on Systems, Man and Cybernetics, Part B: Cybernetics},
  year = 	 {2002},
  OPTkey = 	 {},
  volume = 	 {32},
  number = 	 {4},
  OPTpages = 	 {},
  OPTmonth = 	 {},
  OPTnote = 	 {},
  OPTannote = 	 {}
}

@Article{kurvar07,
  author = 	 {A. A. Kurzhanskiy, and P. Varaiya },
  title = 	 {Ellipsoidal techniques for reachability analysis of discrete-time linear systems},
  journal = 	 {IEEE Transactions on Automatic Control},
  year = 	 {2007},
  OPTkey = 	 {},
  volume = 	 {52},
  number = 	 {1},
  pages = 	 {26-38},
  OPTmonth = 	 {},
  OPTnote = 	 {},
  OPTannote = 	 {}
}

@Article{kurvar01,
  author = 	 {A. B. Kurzhanski, and P. Varaiya },
  title = 	 {Dynamic optimization for reachability problems},
  journal = 	 {Optimization Theory and Applications},
  year = 	 {2001},
  OPTkey = 	 {},
  volume = 	 {108},
  number = 	 {2},
  pages = 	 {227-251},
  OPTmonth = 	 {},
  OPTnote = 	 {},
  OPTannote = 	 {}
}

@Article{kurvar00,
  author = 	 {A. B. Kurzhanski and  P. Varaiya },
  title = 	 {On ellipsoidal techniques for reachability analysis},
  journal = 	 {Optimization Methods and Software},
  year = 	 {2000},
  OPTkey = 	 {},
  volume = 	 {17},
  OPTnumber = 	 {},
  pages = 	 {177-237},
  OPTmonth = 	 {},
  OPTnote = 	 {},
  OPTannote = 	 {}
}

@Book{kurvalyi,
  author = 	 {A. B. Kurzhanski and I. V\'{a}lyi},
  ALTeditor = 	 {},
  title = 	 {{Ellipsoidal Calculus for Estimation and Control}},
  publisher = 	 {Birkh\"{a}user},
  year = 	 {1997},
  OPTkey = 	 {},
  OPTvolume = 	 {},
  OPTnumber = 	 {},
  series = 	 {ser. SCFA},
  OPTaddress = 	 {},
  OPTedition = 	 {},
  OPTmonth = 	 {},
  OPTnote = 	 {},
  OPTannote = 	 {}
}

@Article{kurvar2,
  author = 	 {A. B. Kurzhanski and  P. Varaiya},
  title = 	 {Dynamic optimization for reachability related problems},
  journal = 	 {Journal of Optimization, Theory and Applications},
  year = 	 {2001},
  OPTkey = 	 {},
  volume = 	 {108},
  number = 	 {2},
  pages = 	 {227-251},
  OPTmonth = 	 {},
  OPTnote = 	 {},
  OPTannote = 	 {}
}

@Article{yovine01,
  author = 	 {G. Lafferriere and G. J. Pappas and S. Yovine},
  title = 	 {Symbolic
Reachability Computation for Families of Linear Vector Fields},
  journal = 	 {Journal of Symbolic Computation},
  year = 	 {2001},
  OPTkey = 	 {},
  volume = 	 {32},
  OPTnumber = 	 {},
  pages = 	 {231-253},
  OPTmonth = 	 {},
  OPTnote = 	 {},
  OPTannote = 	 {}
}

@InCollection{motzkin,
  author = 	 { T. S. Motzkin and H. Raiffa and G. L. Thompson and  R. M. Thrall },
  title = 	 { The Double Description Method},
  booktitle = 	 {Conttributions to Theory of Games},
  OPTcrossref =  {},
  OPTkey = 	 {},
  OPTpages = 	 {},
  publisher = {Princeton University Press},
  year = 	 {1953},
  editor = 	 {H. W. Kuhn and A. W. Tucker},
  volume = 	 {2},
  OPTnumber = 	 {},
  OPTseries = 	 {},
  OPTtype = 	 {},
  OPTchapter = 	 {},
  OPTaddress = 	 {},
  OPTedition = 	 {},
  OPTmonth = 	 {},
  OPTnote = 	 {},
  OPTannote = 	 {}
}

@Article{racovic08,
  author = 	 { Z. Artstein and S. Rakovi\'{c}},
  title = 	 {Feedback and invariance under uncertainty via set-iterates},
  journal = 	 {Automatica},
  year = 	 {2008},
  OPTkey = 	 {},
  volume = 	 {44},
  number = 	 {2},
  pages = 	 {520-525},
  OPTmonth = 	 {},
  OPTnote = 	 {},
  OPTannote = 	 {}
}

@Article{lygeros99,
  author = 	 { J. Lygeros and C. Tomlin and S. Sastry},
  title = 	 {Controllers for reachability specifications for hybrid systems},
  journal = 	 {Automatica},
  year = 	 {1999},
  OPTkey = 	 {},
  volume = 	 {35},
  OPTnumber = 	 {},
  pages = 	 {349-370},
  OPTmonth = 	 {},
  OPTnote = 	 {},
  OPTannote = 	 {}
}

@Article{gbt1,
  author = 	 { S. M. Veres and A. V. Kuntsevich and I. V. V\'{a}lyi and S. Hermsmeyer and D. S. Wall},
  title = 	 {{Geometric Bounding Toolbox for MATLAB}},
  journal = 	 {MATLAB/Simulink Connections Catalogue},
  year = 	 {2001},
  OPTkey = 	 {},
  OPTvolume = 	 {},
  OPTnumber = 	 {},
  OPTpages = 	 {},
  OPTmonth = 	 {},
  note = 	 {MathWorks Inc.},
  OPTannote = 	 {}
}

@Article{blanchini99,
  author = 	 { F. Blanchini},
  title = 	 {Set-invariance in control},
  journal = 	 {Automatica},
  year = 	 {1999},
  OPTkey = 	 {},
  volume = 	 {35},
  number = 	 {11},
  pages = 	 {1747-1767},
  OPTmonth = 	 {},
  OPTnote = 	 {},
  OPTannote = 	 {}
}

@InProceedings{yalmip,
  author = 	 { J. L\"{o}fberg},
  title = 	 {{A Toolbox for Modeling and Optimization in MATLAB}},
  booktitle = 	 {CACSD Conference},
  year = 	 {2004},
  OPTkey = 	 {},
  address = 	 {Taipei, Taiwan},
  OPTvolume = 	 {},
  OPTnumber = 	 {},
  OPTpages = 	 {},
  OPTmonth = 	 {},
  OPTnote = 	 {},
  OPTannote = 	 {}
}

@Article{pappas03,
  author = 	 { G. J. Pappas},
  title = 	 {Bisimilar linear systems},
  journal = 	 {Automatica},
  year = 	 {2003},
  OPTkey = 	 {},
  volume = 	 {39},
  OPTnumber = 	 {},
  pages = 	 {2035-2047},
  OPTmonth = 	 {},
  OPTnote = 	 {},
  OPTannote = 	 {}
}

@Article{prajna06,
  author = 	 { S. Prajna},
  title = 	 {Barrier certificates for nonlinear model validation},
  journal = 	 {Automatica},
  year = 	 {2006},
  OPTkey = 	 {},
  volume = 	 {42},
  number = 	 {1},
  pages = 	 {117-126},
  OPTmonth = 	 {},
  OPTnote = 	 {},
  OPTannote = 	 {}
}

@Book{rockafellar,
  author = 	 { R. T. Rockafellar},
  ALTeditor = 	 {},
  title = 	 {Convex Analysis},
  publisher = 	 {Princeton University Press},
  year = 	 {1999},
  OPTkey = 	 {},
  OPTvolume = 	 {},
  OPTnumber = 	 {},
  OPTseries = 	 {},
  OPTaddress = 	 {},
  edition = 	 {Second},
  OPTmonth = 	 {},
  OPTnote = 	 {},
  OPTannote = 	 {}
}

@Misc{varaiya,
  OPTkey = 	 {},
  author = 	 {P. Varaiya },
  title = 	 {Reach set computation
using optimal control},
  howpublished = {Proc. of KIT Workshop on Verification
on Hybrid Systems. Verimag, Grenoble. },
  OPTmonth = 	 {},
  year = 	 {1998},
  OPTnote = 	 {},
  OPTannote = 	 {}
}

@Misc{varaiya2,
  OPTkey = 	 {},
  author = 	 {P. Varaiya },
  title = 	 {Lecture notes on optimization},
  howpublished = {\url{www.eecs.berkeley.edu/\~{ }varaiya/papers\_ps.dir/NOO.pdf}},
  OPTmonth = 	 {},
  OPTyear = 	 {},
  OPTnote = 	 {},
  OPTannote = 	 {}
}

@Book{ziegler,
  author = 	 {G. M. Ziegler},
  ALTeditor = 	 {},
  title = 	 {Lectures on Polytopes},
  publisher = 	 {Springer},
  year = 	 {1995},
  OPTkey = 	 {},
  OPTvolume = 	 {},
  OPTnumber = 	 {},
  OPTseries = 	 {},
  OPTaddress = 	 {},
  OPTedition = 	 {},
  OPTmonth = 	 {},
  OPTnote = 	 {},
  OPTannote = 	 {}
}

@Misc{gbt2,
  OPTkey = 	 {},
  OPTauthor = 	 {},
  title = 	 {{Geometric Bounding Toolbox} homepage},
  howpublished = {\url{www.sysbrain.com/gbt}},
  OPTmonth = 	 {},
  OPTyear = 	 {},
  OPTnote = 	 {},
  OPTannote = 	 {}
}

@Misc{cdd,
  OPTkey = 	 {},
  OPTauthor = 	 {},
  title = 	 {{CDD/CDD+} homepage},
  howpublished = {\url{www.cs.mcgill.ca/\~{ }fukuda/soft/cdd\_home/cdd.html}},
  OPTmonth = 	 {},
  OPTyear = 	 {},
  OPTnote = 	 {},
  OPTannote = 	 {}
}

@Misc{checkmate,
  OPTkey = 	 {},
  OPTauthor = 	 {},
  title = 	 {{CheckMate} {   } homepage},
  howpublished = {\url{www.ece.cmu.edu/\~{ }webk/checkmate}},
  OPTmonth = 	 {},
  OPTyear = 	 {},
  OPTnote = 	 {},
  OPTannote = 	 {}
}

@Misc{phaver,
  OPTkey = 	 {},
  OPTauthor = 	 {},
  title = 	 {{PHAVer} {   } homepage},
  howpublished = {\url{www-verimag.imag.fr/\~{ }frehse/phaver\_web}},
  OPTmonth = 	 {},
  OPTyear = 	 {},
  OPTnote = 	 {},
  OPTannote = 	 {}
}

@Misc{ppl,
  OPTkey = 	 {},
  OPTauthor = 	 {},
  title = 	 {{PPL} {   } homepage},
  howpublished = {\url{www.cs.unipr.it/ppl}},
  OPTmonth = 	 {},
  OPTyear = 	 {},
  OPTnote = 	 {},
  OPTannote = 	 {}
}

@Misc{ddt,
  OPTkey = 	 {},
  OPTauthor = 	 {},
  title = 	 {$d/dt$ homepage},
  howpublished = {\url{ www-verimag.imag.fr/\~{ }tdang/ddt.html}},
  OPTmonth = 	 {},
  OPTyear = 	 {},
  OPTnote = 	 {},
  OPTannote = 	 {}
}

@Misc{toolbox,
  OPTkey = 	 {},
  OPTauthor = 	 {},
  title = 	 {{E}llipsoidal {T}oolbox homepage},
  howpublished = {\url{code.google.com/p/ellipsoids}},
  OPTmonth = 	 {},
  OPTyear = 	 {},
  OPTnote = 	 {},
  OPTannote = 	 {}
}

@Misc{levelset,
  OPTkey = 	 {},
  OPTauthor = 	 {},
  title = 	 {Level {S}et {T}oolbox homepage},
  howpublished = {\url{www.cs.ubc.ca/\~{ }mitchell/ToolboxLS}},
  OPTmonth = 	 {},
  OPTyear = 	 {},
  OPTnote = 	 {},
  OPTannote = 	 {}
}

@Misc{mpt,
  OPTkey = 	 {},
  OPTauthor = 	 {},
  title = 	 {{MPT} homepage},
  howpublished = {\url{ control.ee.ethz.ch/\~{ }mpt}},
  OPTmonth = 	 {},
  OPTyear = 	 {},
  OPTnote = 	 {},
  OPTannote = 	 {}
}

@Misc{matisse,
  OPTkey = 	 {},
  OPTauthor = 	 {},
  title = 	 {{MATISSE} {   } homepage},
  howpublished = {\url{ www.seas.upenn.edu/\~{ }agirard/Software/MATISSE}},
  OPTmonth = 	 {},
  OPTyear = 	 {},
  OPTnote = 	 {},
  OPTannote = 	 {}
}

@Misc{requiem,
  OPTkey = 	 {},
  OPTauthor = 	 {},
  title = 	 {{Requiem} {   } homepage},
  howpublished = {\url{ www.seas.upenn.edu/\~{ }hybrid/requiem/requiem.html}},
  OPTmonth = 	 {},
  OPTyear = 	 {},
  OPTnote = 	 {},
  OPTannote = 	 {}
}

@Misc{yalmiphp,
  OPTkey = 	 {},
  OPTauthor = 	 {},
  title = 	 {{YALMIP} {   } homepage},
  howpublished = {\url{ control.ee.ethz.ch/\~{ }joloef/yalmip.php}},
  OPTmonth = 	 {},
  OPTyear = 	 {},
  OPTnote = 	 {},
  OPTannote = 	 {}
}

@Misc{sedumihp,
  OPTkey = 	 {},
  OPTauthor = 	 {},
  title = 	 {{SeDuMi} homepage},
  howpublished = {\url{sedumi.mcmaster.ca}},
  OPTmonth = 	 {},
  OPTyear = 	 {},
  OPTnote = 	 {},
  OPTannote = 	 {}
}

@Misc{zonotool,
  OPTkey = 	 {},
  OPTauthor = 	 {},
  title = 	 {Zonotope methods on {W}olfgang {K}\"{u}hn homepage},
  howpublished = {\url{ www.decatur.de}},
  OPTmonth = 	 {},
  OPTyear = 	 {},
  OPTnote = 	 {},
  OPTannote = 	 {}
}

@Article{csanky,
  author = 	 {L. Csanky},
  title = 	 {Fast Parallel Matrix Inversion Algorithms},
  journal = 	 {SIAM Journal on Computing},
  year = 	 {1976},
  OPTkey = 	 {},
  volume = 	 {},
  number = 	 {4},
  OPTnumber = 	 {},
  pages = 	 {618-623},
  OPTmonth = 	 {},
  OPTnote = 	 {},
  OPTannote = 	 {}
}

